%% This BibTeX bibliography file was created using BibDesk.
%% https://bibdesk.sourceforge.io/

%% Created for Mengjia Gu at 2019-01-30 16:31:34 -0500 


%% Saved with string encoding Unicode (UTF-8) 



@article{rohlin,
	Author = {Rohlin, Tracy},
	Date-Modified = {2019-01-30 21:30:26 +0000},
	Journal = {Master's Theses},
	Rating = {5},
	Read = {1},
	Title = {Popularity Prediction of Reddit Texts},
	Volume = {4707},
	Year = {2016},
	Bdsk-File-1 = {YnBsaXN0MDDUAQIDBAUGJCVYJHZlcnNpb25YJG9iamVjdHNZJGFyY2hpdmVyVCR0b3ASAAGGoKgHCBMUFRYaIVUkbnVsbNMJCgsMDxJXTlMua2V5c1pOUy5vYmplY3RzViRjbGFzc6INDoACgAOiEBGABIAFgAdccmVsYXRpdmVQYXRoWWFsaWFzRGF0YV8Qai4uLy4uL01JU3QvMjAxOVdpbnRlci9DT01QNTUxIE1hY2hpbmUgTGVhcm5pbmcvcHJvamVjdHMvcHJvamVjdDEvUG9wdWxhcml0eSBQcmVkaWN0aW9uIG9mIFJlZGRpdCBUZXh0cy5wZGbSFwsYGVdOUy5kYXRhTxECIgAAAAACIgACAAAMTWFjaW50b3NoIEhEAAAAAAAAAAAAAAAAAAAAAAAAAEJEAAH/////H1BvcHVsYXJpdHkgUHJlZGljdCNGRkZGRkZGRi5wZGYAAAAAAAAAAAAAAAAAAAAAAAAAAAAAAAAAAAAAAAAAAP////8AAAAAAAAAAAAAAAAAAgAGAAAKIGN1AAAAAAAAAAAAAAAAAAhwcm9qZWN0MQACAHkvOlVzZXJzOkphZWw6RGVza3RvcDpNSVN0OjIwMTlXaW50ZXI6Q09NUDU1MSBNYWNoaW5lIExlYXJuaW5nOnByb2plY3RzOnByb2plY3QxOlBvcHVsYXJpdHkgUHJlZGljdGlvbiBvZiBSZWRkaXQgVGV4dHMucGRmAAAOAFQAKQBQAG8AcAB1AGwAYQByAGkAdAB5ACAAUAByAGUAZABpAGMAdABpAG8AbgAgAG8AZgAgAFIAZQBkAGQAaQB0ACAAVABlAHgAdABzAC4AcABkAGYADwAaAAwATQBhAGMAaQBuAHQAbwBzAGgAIABIAEQAEgB3VXNlcnMvSmFlbC9EZXNrdG9wL01JU3QvMjAxOVdpbnRlci9DT01QNTUxIE1hY2hpbmUgTGVhcm5pbmcvcHJvamVjdHMvcHJvamVjdDEvUG9wdWxhcml0eSBQcmVkaWN0aW9uIG9mIFJlZGRpdCBUZXh0cy5wZGYAABMAAS8AABUAAgAL//8AAIAG0hscHR5aJGNsYXNzbmFtZVgkY2xhc3Nlc11OU011dGFibGVEYXRhox0fIFZOU0RhdGFYTlNPYmplY3TSGxwiI1xOU0RpY3Rpb25hcnmiIiBfEA9OU0tleWVkQXJjaGl2ZXLRJidUcm9vdIABAAgAEQAaACMALQAyADcAQABGAE0AVQBgAGcAagBsAG4AcQBzAHUAdwCEAI4A+wEAAQgDLgMwAzUDQANJA1cDWwNiA2sDcAN9A4ADkgOVA5oAAAAAAAACAQAAAAAAAAAoAAAAAAAAAAAAAAAAAAADnA==}}

@online{reddit,
	Author = {n.d.},
	Date-Modified = {2019-01-30 21:30:49 +0000},
	Read = {1},
	Title = {The Conversation Starts Here},
	Url = {https://www.redditinc.com/},
	Bdsk-Url-1 = {https://www.redditinc.com/}}
