
@article{rohlin2016popularity,
  title={Popularity prediction of Reddit texts},
  author={Rohlin, Tracy},
  year={2016},
  journal={Master Theses},
  volume={4704}
}

@online{reddit2005the,
  title={The Conversation Starts Here},
  author={n.d.},
  year={2005},
  url={https://www.redditinc.com/}
}
